@article{world_cup,
 author = {Arlitt, M. and Jin, T.},
 title = {A Workload Characterization Study of the 1998 World Cup Web site},
 journal = {IEEE Network: The Magazine of Global Internetworking},
 issue_date = {May 2000},
 volume = {14},
 number = {3},
 month = May,
 year = {2000},
 issn = {0890-8044},
 pages = {30--37},
 numpages = {8},
 acmid = {2329378},
 publisher = {IEEE Press},
 address = {Piscataway, NJ, USA},
},

@inproceedings{youtube,
 author = {Gill, Phillipa and Arlitt, Martin and Li, Zongpeng and Mahanti, Anirban},
 title = {Youtube Traffic Characterization: a View from the Edge},
 booktitle = {Proceedings of the 7th ACM SIGCOMM conference on Internet measurement},
 series = {IMC '07},
 year = {2007},
 isbn = {978-1-59593-908-1},
 location = {San Diego, California, USA},
 pages = {15--28},
 numpages = {14},
 acmid = {1298310},
 publisher = {ACM},
 address = {New York, NY, USA},
 keywords = {characterization, multimedia, web 2.0, youtube},
},

@article{keynote,
 author = {Arlitt, Martin F. and Williamson, Carey L.},
 title = {Internet Web servers: Workload Characterization and Performance Implications},
 journal = {IEEE/ACM Transactions on Networking},
 issue_date = {Oct. 1997},
 volume = {5},
 number = {5},
 month = oct,
 year = {1997},
 issn = {1063-6692},
 pages = {631--645},
 numpages = {15},
 acmid = {268720},
 publisher = {IEEE Press},
 address = {Piscataway, NJ, USA},
 keywords = {World-Wide Web, caching, performance evaluation, workload characterization},
},

@InCollection{williams05,
  Author = {Adepele Williams and Martin Arlitt and Carey Williamson and Ken Barker},
  Title = {Web Workload Characterization: Ten Years Later},
  BookTitle = {Web Content Delivery},
  Editor = {Xueyan Tang and Jianliang Xu and Samuel T. Chanson},
  Publisher = {Springer Science+Business Media, Inc.},
  Pages = {3--21},
  Year = {2005},
},

@inproceedings{Butkiewicz,
 author = {Butkiewicz, Michael and Madhyastha, Harsha V. and Sekar, Vyas},
 title = {Understanding Website Complexity: Measurements, Metrics, and Implications},
 booktitle = {Proceedings of the 2011 ACM SIGCOMM conference on Internet measurement conference},
 series = {IMC '11},
 year = {2011},
 isbn = {978-1-4503-1013-0},
 location = {Berlin, Germany},
 pages = {313--328},
 numpages = {16},
 acmid = {2068846},
 publisher = {ACM},
 address = {New York, NY, USA},
 keywords = {page load times, web page complexity},
},

@techreport{almeida,
 author = {Almeida, Jussara and Almeida, Virgilio and Yates, David},
 title = {Measuring the Behavior of a World-Wide Web Server},
 year = {1996},
 publisher = {Boston University},
 address = {Boston, MA, USA},
},

@inproceedings{reference_locality,
 author = {Almeida, Virg\'{\i}lio and Bestavros, Azer and Crovella, Mark and de Oliveira, Adriana},
 title = {Characterizing reference locality in the WWW},
 booktitle = {Proceedings of the fourth international conference on on Parallel and distributed information systems},
 series = {DIS '96},
 year = {1996},
 isbn = {0-8186-7475-X},
 location = {Miami Beach, Florida, USA},
 pages = {92--107},
 numpages = {16},
 publisher = {IEEE Computer Society},
 address = {Washington, DC, USA},
},

@article{invariants,
 author = {Arlitt, Martin F. and Williamson, Carey L.},
 title = {Web server workload characterization: the search for invariants},
 journal = {SIGMETRICS Perform. Eval. Rev.},
 issue_date = {May 1996},
 volume = {24},
 number = {1},
 month = may,
 year = {1996},
 issn = {0163-5999},
 pages = {126--137},
 numpages = {12},
 acmid = {233034},
 publisher = {ACM},
 address = {New York, NY, USA},
},

@inproceedings{Faber,
 author = {Faber, Anne M. and Gupta, Minaxi and Viecco, Camilo H.},
 title = {Revisiting web server workload invariants in the context of scientific web sites},
 booktitle = {Proceedings of the 2006 ACM/IEEE conference on Supercomputing},
 series = {SC '06},
 year = {2006},
 isbn = {0-7695-2700-0},
 location = {Tampa, Florida},
 articleno = {110},
 acmid = {1188570},
 publisher = {ACM},
 address = {New York, NY, USA},
},

@article{Cherkasova,
    author = {Cherkasova, Ludmila and Gupta, Minaxi},
    title = {Analysis of enterprise media server workloads: access patterns, locality, content evolution, and rates of change},
    journal = {IEEE/ACM Trans. Netw.},
    issue_date = {October 2004},
    volume = {12},
    number = {5},
    month = oct,
    year = {2004},
    issn = {1063-6692},
    pages = {781--794},
    numpages = {14},
    acmid = {1032159},
    publisher = {IEEE Press},
    address = {Piscataway, NJ, USA},
    keywords = {access patterns, content evolution, dynamics, enterprise media servers, locality, sharing patterns, static and temporal properties, workload analysis},
},

@inproceedings{Bai,
    author = {Bai, G. and Williamson, C.},
    title = {Workload Characterization in Web Caching Hierarchies},
    booktitle = {Proceedings of the 10th IEEE International Symposium on Modeling, Analysis, and Simulation of Computer and Telecommunications Systems},
    series = {MASCOTS '02},
    year = {2002},
    pages = {13--},
    url = {http://dl.acm.org/citation.cfm?id=882460.882614},
    acmid = {882614},
    publisher = {IEEE Computer Society},
    address = {Washington, DC, USA},
},

@inproceedings{facebook,
    title = "Knowledge Discovery in Web Traffic Log: A Case Study of Facebook Usage in Kasetsart University",
    author = "Chakkrit Tantithamthavorn, Arnon Rungsawang",
    year = "2012",
    month = "May",
    booktitle = "In Proceedings of The Ninth International Joint Conference on Computer Science and Software Engineering (JCSSEâ€™12)",
    location = "Bangkok, Thailand",
},

@INPROCEEDINGS{Varnagar, 
    author={Varnagar, C.R. and Madhak, N.N. and Kodinariya, T.M. and Rathod, J.N.}, 
    booktitle={Information Communication and Embedded Systems (ICICES), 2013 International Conference on}, 
    title={Web usage mining: A review on process, methods and techniques}, 
    year={2013}, 
    pages={40-46}, 
    keywords={Internet;Web design;data mining;Internet;WWW;Web application;Web log files;Web server activities;Web site design;Web site owners;Web usage mining;World Wide Web;data cleaning;data collection;data pre-processing;pattern discovery;user access pattern analysis;Data mining;Preprocessing;Web log mining;Web usage mining}, 
    doi={10.1109/ICICES.2013.6508399},
},

@article{Mahanti,
 author = {Mahanti, A. and Williamson, C. and Eager, D.},
 title = {Traffic analysis of a Web proxy caching hierarchy},
 journal = {Netwrk. Mag. of Global Internetwkg.},
 issue_date = {May 2000},
 volume = {14},
 number = {3},
 month = may,
 year = {2000},
 issn = {0890-8044},
 pages = {16--23},
 numpages = {8},
 url = {http://dx.doi.org/10.1109/65.844496},
 doi = {10.1109/65.844496},
 acmid = {2329376},
 publisher = {IEEE Press},
 address = {Piscataway, NJ, USA},
},

@INPROCEEDINGS{Braun,
       Author = {Braun, H. and Claffy, K.}, 
       Title = {{Web traffic characterization: an assessment of the impact of caching documents from the NCSA's web server}},
       BookTitle = {Second International World Wide Web (WWW) Conference '94},
       Address = {Chicago, IL},
       Month = {Oct},
       Year = {1994},
       Keywords = {caching}
},

@book{Kotz,
   title = "Encyclopedia of statistical sciences",
   author = "Kotz, Samuel and Johnson, Norman L.",
   publisher = {John Wiley \& Sons},
   volume = 6,
   isbn = "0-471-85474-3"
},

@techreport{Crovella,
 author = {Cunha, Carlos and Bestavros, Azer and Crovella, Mark},
 title = {Characteristics of WWW Client-based Traces},
 year = {1995},
 publisher = {Boston University},
 address = {Boston, MA, USA},
},

@inproceedings{Mahanti_Wu,
 author = {Mahanti, Aniket and Williamson, Carey and Wu, Leanne},
 title = {Workload Characterization of a Large Systems Conference Web Server},
 booktitle = {Proceedings of the 2009 Seventh Annual Communication Networks and Services Research Conference},
 series = {CNSR '09},
 year = {2009},
 isbn = {978-0-7695-3649-1},
 pages = {55--64},
 numpages = {10},
 url = {http://dx.doi.org/10.1109/CNSR.2009.19},
 doi = {10.1109/CNSR.2009.19},
 acmid = {1545195},
 publisher = {IEEE Computer Society},
 address = {Washington, DC, USA},
 keywords = {Workload characterization, Web logs, Google Analyytics, measurement, performance evaluation, Systems conference},
},

@inproceedings{Gwertzman,
 author = {Gwertzman, James and Seltzer, Margo},
 title = {World-wide web cache consistency},
 booktitle = {Proceedings of the 1996 annual conference on USENIX Annual Technical Conference},
 series = {ATEC '96},
 year = {1996},
 location = {San Diego, CA},
 pages = {12--12},
 numpages = {1},
 acmid = {1268311},
 publisher = {USENIX Association},
 address = {Berkeley, CA, USA},
} 